<?xml version="1.0" encoding="UTF-8"?>
<collection xmlns:xsi="http://www.w3.org/2001/XMLSchema-instance" xsi:schemaLocation="http://www.loc.gov/MARC21/slim http://www.loc.gov/standards/marcxml/schema/MARC21slim.xsd" xmlns="http://www.loc.gov/MARC21/slim">
<record>
  <leader>00894cam a2200253   4500</leader>
  <controlfield tag="001">3071669</controlfield>
  <controlfield tag="003">NNC</controlfield>
  <controlfield tag="005">20030429142358.0</controlfield>
  <controlfield tag="008">890925s1948    sy            000 0 arao </controlfield>
  <datafield tag="010" ind1=" " ind2=" ">
    <subfield code="a">ne 65000285 </subfield>
  </datafield>
  <datafield tag="035" ind1=" " ind2=" ">
    <subfield code="a">(OCoLC)ocm23485900</subfield>
  </datafield>
  <datafield tag="035" ind1=" " ind2=" ">
    <subfield code="9">ATP4673CU</subfield>
  </datafield>
  <datafield tag="040" ind1=" " ind2=" ">
    <subfield code="a">DLC</subfield>
    <subfield code="c">EYM</subfield>
    <subfield code="d">CGU</subfield>
    <subfield code="d">ZCU</subfield>
  </datafield>
  <datafield tag="050" ind1=" " ind2="4">
    <subfield code="a">BP 189</subfield>
    <subfield code="b">.A48</subfield>
  </datafield>
  <datafield tag="099" ind1=" " ind2=" ">
    <subfield code="a">893.7Ib4</subfield>
    <subfield code="a">X4</subfield>
  </datafield>
  <datafield tag="100" ind1="0" ind2=" ">
    <subfield code="a">ʻĀmir ibn ʻĀmir al-Baṣrī.</subfield>
  </datafield>
  <datafield tag="245" ind1="1" ind2="0">
    <subfield code="a">Taʾīyat ʻĀmir ibn ʻĀmir al Baṣrī /</subfield>
    <subfield code="c">ʻuniya bi-nashrihā wa-sharḥihā wa-taʻlīq ḥawāshīhā al-shaykh ʻAbd al-Qādir al-Maghribī.</subfield>
  </datafield>
  <datafield tag="260" ind1=" " ind2=" ">
    <subfield code="a">Dimashq :</subfield>
    <subfield code="b">s.n.,</subfield>
    <subfield code="c">1948.</subfield>
  </datafield>
  <datafield tag="300" ind1=" " ind2=" ">
    <subfield code="a">4, 103 p.</subfield>
    <subfield code="b">facsims.</subfield>
    <subfield code="c">26 cm.</subfield>
  </datafield>
  <datafield tag="500" ind1=" " ind2=" ">
    <subfield code="a">At head of title : al-Maʻhad al-Faransī bi-Dimashq lil-Dirāsāt al-ʻArabīyah.</subfield>
  </datafield>
  <datafield tag="500" ind1=" " ind2=" ">
    <subfield code="a">Avant-propos in French and Arabic.</subfield>
  </datafield>
  <datafield tag="504" ind1=" " ind2=" ">
    <subfield code="a">Bibliography: p. 101.</subfield>
  </datafield>
  <datafield tag="650" ind1=" " ind2="0">
    <subfield code="a">Mysticism</subfield>
    <subfield code="x">Islam.</subfield>
  </datafield>
  <datafield tag="955" ind1=" " ind2=" ">
    <subfield code="b">CU58873813</subfield>
    <subfield code="d">off,glx</subfield>
    <subfield code="e">893.7Ib4 X4</subfield>
  </datafield>
</record>
</collection>